@article{Glover1990,
author = {Glover, Fred},
title = {Tabu Search: A Tutorial},
journal = {Interfaces},
volume = {20},
number = {4},
pages = {74-94},
year = {1990},
doi = {10.1287/inte.20.4.74},
}